% BibTex Database
% ===========================================================================

% OK
@misc{Aufgabenstellung,
  title = {Aufgabenstellung Bachelorthesis},
  author = {Prof. Dr. JÃ¼rgen Eckerle},
  month = sep,
  year = {2014},
  HOWPUBLISHED = "Intranet",
  note = "Abgerufen am 03. Januar 2015 ",
  url = {https://intranet.bfh.ch/TI/de/Studium/Bachelor/Informatik/hochschuljahr20142015/BaThesisHS14/Seiten/default.aspx}	
}
